
@Book{		  nisan2005,
  Title		= {The elements of computing systems},
  Author	= {Noam Nisan, Shimon Schocken},
  Year		= 2005,
  Publisher	= {MIT Press},
  Address	= {London, England}
}
